<?xml version="1.0" encoding="UTF-8"?><record xmlns="http://www.loc.gov/MARC21/slim" xmlns:cinclude="http://apache.org/cocoon/include/1.0" xmlns:zs="http://www.loc.gov/zing/srw/">
  <leader>00713cz  a2200169n  4500</leader>
  <controlfield tag="001">n  98082614 </controlfield>
  <controlfield tag="003">DLC</controlfield>
  <controlfield tag="005">20080816080213.0</controlfield>
  <controlfield tag="008">980915n| acannaabn          |b ana      </controlfield>
  <datafield tag="010" ind1=" " ind2=" ">
    <subfield code="a">n  98082614 </subfield>
  </datafield>
  <datafield tag="035" ind1=" " ind2=" ">
    <subfield code="a">(OCoLC)oca04815613</subfield>
  </datafield>
  <datafield tag="040" ind1=" " ind2=" ">
    <subfield code="a">DLC</subfield>
    <subfield code="b">eng</subfield>
    <subfield code="c">DLC</subfield>
    <subfield code="d">OCoLC</subfield>
  </datafield>
  <datafield tag="110" ind1="2" ind2=" ">
    <subfield code="a">Farband-Labor Zionist Order (U.S.).</subfield>
    <subfield code="b">Nyu Yorḳer shṭoṭ ḳomiṭeṭ</subfield>
  </datafield>
  <datafield tag="410" ind1="2" ind2=" ">
    <subfield code="a">אידיש נאציאנאלער ארבעטער פארבאנד.</subfield>
    <subfield code="b">ניו יארקער שטאט קאמיטעט</subfield>
  </datafield>
  <datafield tag="667" ind1=" " ind2=" ">
    <subfield code="a">Machine-derived non-Latin script reference project.</subfield>
  </datafield>
  <datafield tag="667" ind1=" " ind2=" ">
    <subfield code="a">Non-Latin script reference not evaluated.</subfield>
  </datafield>
  <datafield tag="670" ind1=" " ind2=" ">
    <subfield code="a">Der Mishpeṭ, 1929:</subfield>
    <subfield code="b">cover t.p. (Nyu Yorḳer shṭoṭ ḳomiṭeṭ Idish natsyonaln arbeṭer farband)</subfield>
  </datafield>
</record>